<record><leader>00000cas a22000007a 4500</leader><controlfield tag="001">16126903</controlfield><controlfield tag="008">870702d19711981iauwr ne      0    0eng d</controlfield><datafield ind1=" " ind2=" " tag="010"><subfield code="a">sn 87057427 </subfield></datafield><datafield ind1=" " ind2=" " tag="040"><subfield code="a">INP</subfield><subfield code="b">eng</subfield><subfield code="c">INP</subfield><subfield code="d">OCLCQ</subfield></datafield><datafield ind1=" " ind2=" " tag="042"><subfield code="a">msc</subfield></datafield><datafield ind1="0" ind2="0" tag="245"><subfield code="a">Beacon-enterprise.</subfield></datafield><datafield ind1="3" ind2="0" tag="246"><subfield code="a">Fremont Mills beacon enterprise</subfield></datafield><datafield ind1=" " ind2=" " tag="260"><subfield code="a">Tabor, Fremont and Mills Counties, Iowa :</subfield><subfield code="b">E.S. Newlon,</subfield><subfield code="c">1971-1981.</subfield></datafield><datafield ind1=" " ind2=" " tag="300"><subfield code="a">11 v.</subfield></datafield><datafield ind1=" " ind2=" " tag="310"><subfield code="a">Weekly</subfield></datafield><datafield ind1="0" ind2=" " tag="362"><subfield code="a">Vol. 89, no. 39 (Sept. 1, 1971)-v. 99, no. 27 (May 27, 1981).</subfield></datafield><datafield ind1=" " ind2=" " tag="500"><subfield code="a">Publisher varies.</subfield></datafield><datafield ind1=" " ind2=" " tag="752"><subfield code="a">United States</subfield><subfield code="b">Iowa</subfield><subfield code="c">Fremont</subfield><subfield code="d">Tabor.</subfield></datafield><datafield ind1=" " ind2=" " tag="752"><subfield code="a">United States</subfield><subfield code="b">Iowa</subfield><subfield code="c">Mills</subfield><subfield code="d">Tabor.</subfield></datafield><datafield ind1="0" ind2="0" tag="780"><subfield code="t">Fremont-Mills beacon-enterprise (Tabor, Iowa : 1971)</subfield><subfield code="w">(DLC)sn 87057506</subfield></datafield><datafield ind1="0" ind2="0" tag="785"><subfield code="t">Fremont-Mills beacon-enterprise (Tabor, Iowa : 1981)</subfield><subfield code="w">(DLC)sn 87057745</subfield></datafield></record>